@online{hyperledger,
	Author = {{Hyperledger, The Linux Foundation}},
	Title = {Hyperledger Fabric Documentation},
	Url = {https://hyperledger-fabric.readthedocs.io/en/release-2.2/},
	Urldate = {2021-08-05},
	Year = {2020}}


@misc{chrysalis,
	Author = {Christian Sturm},
	Publisher = {University of Bayreuth},
	Title = {CHRYSALIS},
	Year = {2021}}

@misc{caterpillar,
	Author = {Orlenys López-Pintado and Luciano García-Bañuelos and Marlon Dumas and Ingo Weber and Alex Ponomarev},
	Publisher = {University of Tartu},
	Title = {Caterpillar: A Business Process Execution Engine on the Ethereum Blockchain},
	Year = {2019}}

@misc{caterpillarv3,
	Author = {Orlenys López-Pintado and Luciano García-Bañuelos and Marlon Dumas and Ingo Weber},
	Publisher = {University of Tartu},
	Title = {Interpreted Execution of Business Process Models on Blockchain},
	Year = {2019}}

